%YAML 1.1
%TAG !u! tag:unity3d.com,2011:
--- !u!1 &498361548
GameObject:
  m_ObjectHideFlags: 0
  m_CorrespondingSourceObject: {fileID: 0}
  m_PrefabInstance: {fileID: 0}
  m_PrefabAsset: {fileID: 0}
  serializedVersion: 6
  m_Component:
  - component: {fileID: 498361549}
  - component: {fileID: 498361551}
  - component: {fileID: 498361550}
  m_Layer: 5
  m_Name: Background
  m_TagString: Untagged
  m_Icon: {fileID: 0}
  m_NavMeshLayer: 0
  m_StaticEditorFlags: 0
  m_IsActive: 1
--- !u!224 &498361549
RectTransform:
  m_ObjectHideFlags: 0
  m_CorrespondingSourceObject: {fileID: 0}
  m_PrefabInstance: {fileID: 0}
  m_PrefabAsset: {fileID: 0}
  m_GameObject: {fileID: 498361548}
  m_LocalRotation: {x: 0, y: 0, z: 0, w: 1}
  m_LocalPosition: {x: 0, y: 0, z: 0}
  m_LocalScale: {x: 1, y: 1, z: 1}
  m_Children: []
  m_Father: {fileID: 2087024614}
  m_RootOrder: 0
  m_LocalEulerAnglesHint: {x: 0, y: 0, z: 0}
  m_AnchorMin: {x: 0.5, y: 0.5}
  m_AnchorMax: {x: 0.5, y: 0.5}
  m_AnchoredPosition: {x: 0, y: 0}
  m_SizeDelta: {x: 256, y: 256}
  m_Pivot: {x: 0.5, y: 0.5}
--- !u!222 &498361551
CanvasRenderer:
  m_ObjectHideFlags: 0
  m_CorrespondingSourceObject: {fileID: 0}
  m_PrefabInstance: {fileID: 0}
  m_PrefabAsset: {fileID: 0}
  m_GameObject: {fileID: 498361548}
  m_CullTransparentMesh: 0
--- !u!114 &498361550
MonoBehaviour:
  m_ObjectHideFlags: 0
  m_CorrespondingSourceObject: {fileID: 0}
  m_PrefabInstance: {fileID: 0}
  m_PrefabAsset: {fileID: 0}
  m_GameObject: {fileID: 498361548}
  m_Enabled: 1
  m_EditorHideFlags: 0
  m_Script: {fileID: 11500000, guid: fe87c0e1cc204ed48ad3b37840f39efc, type: 3}
  m_Name: 
  m_EditorClassIdentifier: 
  m_Material: {fileID: 0}
  m_Color: {r: 1, g: 1, b: 1, a: 1}
  m_RaycastTarget: 0
  m_RaycastPadding: {x: 0, y: 0, z: 0, w: 0}
  m_Maskable: 0
  m_OnCullStateChanged:
    m_PersistentCalls:
      m_Calls: []
  m_Sprite: {fileID: 21300000, guid: 082b15aea6c36234996fe06d7abe263b, type: 3}
  m_Type: 0
  m_PreserveAspect: 0
  m_FillCenter: 1
  m_FillMethod: 4
  m_FillAmount: 1
  m_FillClockwise: 1
  m_FillOrigin: 0
  m_UseSpriteMesh: 0
  m_PixelsPerUnitMultiplier: 1
--- !u!1 &2087024613
GameObject:
  m_ObjectHideFlags: 0
  m_CorrespondingSourceObject: {fileID: 0}
  m_PrefabInstance: {fileID: 0}
  m_PrefabAsset: {fileID: 0}
  serializedVersion: 6
  m_Component:
  - component: {fileID: 2087024614}
  - component: {fileID: 6282336316768232076}
  - component: {fileID: 9219917130521230010}
  m_Layer: 5
  m_Name: Timer
  m_TagString: Untagged
  m_Icon: {fileID: 0}
  m_NavMeshLayer: 0
  m_StaticEditorFlags: 0
  m_IsActive: 1
--- !u!224 &2087024614
RectTransform:
  m_ObjectHideFlags: 0
  m_CorrespondingSourceObject: {fileID: 0}
  m_PrefabInstance: {fileID: 0}
  m_PrefabAsset: {fileID: 0}
  m_GameObject: {fileID: 2087024613}
  m_LocalRotation: {x: -0, y: -0, z: -0, w: 1}
  m_LocalPosition: {x: 0, y: 0, z: 0}
  m_LocalScale: {x: 1, y: 1, z: 1}
  m_Children:
  - {fileID: 498361549}
  - {fileID: 2093110315}
  m_Father: {fileID: 2793412076569237168}
  m_RootOrder: 1
  m_LocalEulerAnglesHint: {x: 0, y: 0, z: 0}
  m_AnchorMin: {x: 0.5, y: 1}
  m_AnchorMax: {x: 0.5, y: 1}
  m_AnchoredPosition: {x: 0, y: -200}
  m_SizeDelta: {x: 300, y: 300}
  m_Pivot: {x: 0.5, y: 0.5}
--- !u!114 &6282336316768232076
MonoBehaviour:
  m_ObjectHideFlags: 0
  m_CorrespondingSourceObject: {fileID: 0}
  m_PrefabInstance: {fileID: 0}
  m_PrefabAsset: {fileID: 0}
  m_GameObject: {fileID: 2087024613}
  m_Enabled: 1
  m_EditorHideFlags: 0
  m_Script: {fileID: 11500000, guid: fffdc70a3e6b4d40af7e10469e1d4d9b, type: 3}
  m_Name: 
  m_EditorClassIdentifier: 
  _EnableLogs: 1
  _OnStart:
    m_PersistentCalls:
      m_Calls: []
  _OnStop:
    m_PersistentCalls:
      m_Calls: []
  _OnPause:
    m_PersistentCalls:
      m_Calls: []
  _OnUpdate:
    m_PersistentCalls:
      m_Calls: []
--- !u!114 &9219917130521230010
MonoBehaviour:
  m_ObjectHideFlags: 0
  m_CorrespondingSourceObject: {fileID: 0}
  m_PrefabInstance: {fileID: 0}
  m_PrefabAsset: {fileID: 0}
  m_GameObject: {fileID: 2087024613}
  m_Enabled: 1
  m_EditorHideFlags: 0
  m_Script: {fileID: 11500000, guid: 8ea04a790a0e448d851514086956b35f, type: 3}
  m_Name: 
  m_EditorClassIdentifier: 
  _EnableLogs: 1
  _SecondsCapacity: 0
  _Stopwatch: {fileID: 6282336316768232076}
  _OnStart:
    m_PersistentCalls:
      m_Calls: []
  _OnUpdate:
    m_PersistentCalls:
      m_Calls: []
  _OnFinish:
    m_PersistentCalls:
      m_Calls: []
--- !u!1 &2093110314
GameObject:
  m_ObjectHideFlags: 0
  m_CorrespondingSourceObject: {fileID: 0}
  m_PrefabInstance: {fileID: 0}
  m_PrefabAsset: {fileID: 0}
  serializedVersion: 6
  m_Component:
  - component: {fileID: 2093110315}
  - component: {fileID: 2093110318}
  - component: {fileID: 2093110317}
  - component: {fileID: 2093110316}
  m_Layer: 5
  m_Name: Text
  m_TagString: Untagged
  m_Icon: {fileID: 0}
  m_NavMeshLayer: 0
  m_StaticEditorFlags: 0
  m_IsActive: 1
--- !u!224 &2093110315
RectTransform:
  m_ObjectHideFlags: 0
  m_CorrespondingSourceObject: {fileID: 0}
  m_PrefabInstance: {fileID: 0}
  m_PrefabAsset: {fileID: 0}
  m_GameObject: {fileID: 2093110314}
  m_LocalRotation: {x: 0, y: 0, z: 0, w: 1}
  m_LocalPosition: {x: 0, y: 0, z: 0}
  m_LocalScale: {x: 1, y: 1, z: 1}
  m_Children: []
  m_Father: {fileID: 2087024614}
  m_RootOrder: 1
  m_LocalEulerAnglesHint: {x: 0, y: 0, z: 0}
  m_AnchorMin: {x: 0.5, y: 0.5}
  m_AnchorMax: {x: 0.5, y: 0.5}
  m_AnchoredPosition: {x: 0.45, y: -22.6}
  m_SizeDelta: {x: 160, y: 160}
  m_Pivot: {x: 0.5, y: 0.5}
--- !u!222 &2093110318
CanvasRenderer:
  m_ObjectHideFlags: 0
  m_CorrespondingSourceObject: {fileID: 0}
  m_PrefabInstance: {fileID: 0}
  m_PrefabAsset: {fileID: 0}
  m_GameObject: {fileID: 2093110314}
  m_CullTransparentMesh: 0
--- !u!114 &2093110317
MonoBehaviour:
  m_ObjectHideFlags: 0
  m_CorrespondingSourceObject: {fileID: 0}
  m_PrefabInstance: {fileID: 0}
  m_PrefabAsset: {fileID: 0}
  m_GameObject: {fileID: 2093110314}
  m_Enabled: 1
  m_EditorHideFlags: 0
  m_Script: {fileID: 11500000, guid: f4688fdb7df04437aeb418b961361dc5, type: 3}
  m_Name: 
  m_EditorClassIdentifier: 
  m_Material: {fileID: 0}
  m_Color: {r: 1, g: 1, b: 1, a: 1}
  m_RaycastTarget: 1
  m_RaycastPadding: {x: 0, y: 0, z: 0, w: 0}
  m_Maskable: 1
  m_OnCullStateChanged:
    m_PersistentCalls:
      m_Calls: []
  m_text: 90
  m_isRightToLeft: 0
  m_fontAsset: {fileID: 11400000, guid: 8f586378b4e144a9851e7b34d9b748ee, type: 2}
  m_sharedMaterial: {fileID: 2180264, guid: 8f586378b4e144a9851e7b34d9b748ee, type: 2}
  m_fontSharedMaterials: []
  m_fontMaterial: {fileID: 0}
  m_fontMaterials: []
  m_fontColor32:
    serializedVersion: 2
    rgba: 4294967295
  m_fontColor: {r: 1, g: 1, b: 1, a: 1}
  m_enableVertexGradient: 0
  m_colorMode: 3
  m_fontColorGradient:
    topLeft: {r: 1, g: 1, b: 1, a: 1}
    topRight: {r: 1, g: 1, b: 1, a: 1}
    bottomLeft: {r: 1, g: 1, b: 1, a: 1}
    bottomRight: {r: 1, g: 1, b: 1, a: 1}
  m_fontColorGradientPreset: {fileID: 0}
  m_spriteAsset: {fileID: 0}
  m_tintAllSprites: 0
  m_StyleSheet: {fileID: 0}
  m_TextStyleHashCode: -1183493901
  m_overrideHtmlColors: 0
  m_faceColor:
    serializedVersion: 2
    rgba: 4294967295
  m_fontSize: 120
  m_fontSizeBase: 36
  m_fontWeight: 400
  m_enableAutoSizing: 1
  m_fontSizeMin: 18
  m_fontSizeMax: 120
  m_fontStyle: 1
  m_HorizontalAlignment: 2
  m_VerticalAlignment: 512
  m_textAlignment: 65535
  m_characterSpacing: 0
  m_wordSpacing: 0
  m_lineSpacing: 0
  m_lineSpacingMax: 0
  m_paragraphSpacing: 0
  m_charWidthMaxAdj: 0
  m_enableWordWrapping: 1
  m_wordWrappingRatios: 0.4
  m_overflowMode: 0
  m_linkedTextComponent: {fileID: 0}
  parentLinkedComponent: {fileID: 0}
  m_enableKerning: 1
  m_enableExtraPadding: 0
  checkPaddingRequired: 0
  m_isRichText: 1
  m_parseCtrlCharacters: 1
  m_isOrthographic: 1
  m_isCullingEnabled: 0
  m_horizontalMapping: 0
  m_verticalMapping: 0
  m_uvLineOffset: 0
  m_geometrySortingOrder: 0
  m_IsTextObjectScaleStatic: 0
  m_VertexBufferAutoSizeReduction: 1
  m_useMaxVisibleDescender: 1
  m_pageToDisplay: 1
  m_margin: {x: 0, y: 0, z: 0, w: 0}
  m_isUsingLegacyAnimationComponent: 0
  m_isVolumetricText: 0
  m_hasFontAssetChanged: 0
  m_baseMaterial: {fileID: 0}
  m_maskOffset: {x: 0, y: 0, z: 0, w: 0}
--- !u!114 &2093110316
MonoBehaviour:
  m_ObjectHideFlags: 0
  m_CorrespondingSourceObject: {fileID: 0}
  m_PrefabInstance: {fileID: 0}
  m_PrefabAsset: {fileID: 0}
  m_GameObject: {fileID: 2093110314}
  m_Enabled: 1
  m_EditorHideFlags: 0
  m_Script: {fileID: 11500000, guid: 512d7c5a36d89834f91812ffe427236b, type: 3}
  m_Name: 
  m_EditorClassIdentifier: 
  _EnableLogs: 1
--- !u!114 &6159072077196867489
MonoBehaviour:
  m_ObjectHideFlags: 0
  m_CorrespondingSourceObject: {fileID: 0}
  m_PrefabInstance: {fileID: 0}
  m_PrefabAsset: {fileID: 0}
  m_GameObject: {fileID: 7810566325659900483}
  m_Enabled: 1
  m_EditorHideFlags: 0
  m_Script: {fileID: 11500000, guid: c06e39dd7d574d2d9113b96c7e395da4, type: 3}
  m_Name: 
  m_EditorClassIdentifier: 
  _EnableLogs: 1
  _PauseButton: {fileID: 2592804357688306540}
  _TimerText: {fileID: 2093110316}
  _TimerComponent: {fileID: 9219917130521230010}
--- !u!1001 &5433724347169262251
PrefabInstance:
  m_ObjectHideFlags: 0
  serializedVersion: 2
  m_Modification:
    m_TransformParent: {fileID: 2793412076569237168}
    m_Modifications:
    - target: {fileID: 1812835944258186161, guid: 9dffb82223acb8d4b89509dff99bf61f,
        type: 3}
      propertyPath: m_Sprite
      value: 
      objectReference: {fileID: 21300000, guid: fee5d713499541f4293f83ba0e22925d,
        type: 3}
    - target: {fileID: 2149752580353661012, guid: 9dffb82223acb8d4b89509dff99bf61f,
        type: 3}
      propertyPath: m_Name
      value: UIIconButton Variant
      objectReference: {fileID: 0}
    - target: {fileID: 2652898645645613554, guid: 9dffb82223acb8d4b89509dff99bf61f,
        type: 3}
      propertyPath: m_SizeDelta.x
      value: 250
      objectReference: {fileID: 0}
    - target: {fileID: 2652898645645613554, guid: 9dffb82223acb8d4b89509dff99bf61f,
        type: 3}
      propertyPath: m_SizeDelta.y
      value: 250
      objectReference: {fileID: 0}
    - target: {fileID: 3815474623829100613, guid: 9dffb82223acb8d4b89509dff99bf61f,
        type: 3}
      propertyPath: m_Pivot.x
      value: 0.5
      objectReference: {fileID: 0}
    - target: {fileID: 3815474623829100613, guid: 9dffb82223acb8d4b89509dff99bf61f,
        type: 3}
      propertyPath: m_Pivot.y
      value: 0.5
      objectReference: {fileID: 0}
    - target: {fileID: 3815474623829100613, guid: 9dffb82223acb8d4b89509dff99bf61f,
        type: 3}
      propertyPath: m_RootOrder
      value: 0
      objectReference: {fileID: 0}
    - target: {fileID: 3815474623829100613, guid: 9dffb82223acb8d4b89509dff99bf61f,
        type: 3}
      propertyPath: m_AnchorMax.x
      value: 1
      objectReference: {fileID: 0}
    - target: {fileID: 3815474623829100613, guid: 9dffb82223acb8d4b89509dff99bf61f,
        type: 3}
      propertyPath: m_AnchorMax.y
      value: 1
      objectReference: {fileID: 0}
    - target: {fileID: 3815474623829100613, guid: 9dffb82223acb8d4b89509dff99bf61f,
        type: 3}
      propertyPath: m_AnchorMin.x
      value: 1
      objectReference: {fileID: 0}
    - target: {fileID: 3815474623829100613, guid: 9dffb82223acb8d4b89509dff99bf61f,
        type: 3}
      propertyPath: m_AnchorMin.y
      value: 1
      objectReference: {fileID: 0}
    - target: {fileID: 3815474623829100613, guid: 9dffb82223acb8d4b89509dff99bf61f,
        type: 3}
      propertyPath: m_SizeDelta.x
      value: 300
      objectReference: {fileID: 0}
    - target: {fileID: 3815474623829100613, guid: 9dffb82223acb8d4b89509dff99bf61f,
        type: 3}
      propertyPath: m_SizeDelta.y
      value: 300
      objectReference: {fileID: 0}
    - target: {fileID: 3815474623829100613, guid: 9dffb82223acb8d4b89509dff99bf61f,
        type: 3}
      propertyPath: m_LocalPosition.x
      value: 0
      objectReference: {fileID: 0}
    - target: {fileID: 3815474623829100613, guid: 9dffb82223acb8d4b89509dff99bf61f,
        type: 3}
      propertyPath: m_LocalPosition.y
      value: 0
      objectReference: {fileID: 0}
    - target: {fileID: 3815474623829100613, guid: 9dffb82223acb8d4b89509dff99bf61f,
        type: 3}
      propertyPath: m_LocalPosition.z
      value: 0
      objectReference: {fileID: 0}
    - target: {fileID: 3815474623829100613, guid: 9dffb82223acb8d4b89509dff99bf61f,
        type: 3}
      propertyPath: m_LocalRotation.w
      value: 1
      objectReference: {fileID: 0}
    - target: {fileID: 3815474623829100613, guid: 9dffb82223acb8d4b89509dff99bf61f,
        type: 3}
      propertyPath: m_LocalRotation.x
      value: 0
      objectReference: {fileID: 0}
    - target: {fileID: 3815474623829100613, guid: 9dffb82223acb8d4b89509dff99bf61f,
        type: 3}
      propertyPath: m_LocalRotation.y
      value: 0
      objectReference: {fileID: 0}
    - target: {fileID: 3815474623829100613, guid: 9dffb82223acb8d4b89509dff99bf61f,
        type: 3}
      propertyPath: m_LocalRotation.z
      value: 0
      objectReference: {fileID: 0}
    - target: {fileID: 3815474623829100613, guid: 9dffb82223acb8d4b89509dff99bf61f,
        type: 3}
      propertyPath: m_AnchoredPosition.x
      value: -200
      objectReference: {fileID: 0}
    - target: {fileID: 3815474623829100613, guid: 9dffb82223acb8d4b89509dff99bf61f,
        type: 3}
      propertyPath: m_AnchoredPosition.y
      value: -200
      objectReference: {fileID: 0}
    - target: {fileID: 3815474623829100613, guid: 9dffb82223acb8d4b89509dff99bf61f,
        type: 3}
      propertyPath: m_LocalEulerAnglesHint.x
      value: 0
      objectReference: {fileID: 0}
    - target: {fileID: 3815474623829100613, guid: 9dffb82223acb8d4b89509dff99bf61f,
        type: 3}
      propertyPath: m_LocalEulerAnglesHint.y
      value: 0
      objectReference: {fileID: 0}
    - target: {fileID: 3815474623829100613, guid: 9dffb82223acb8d4b89509dff99bf61f,
        type: 3}
      propertyPath: m_LocalEulerAnglesHint.z
      value: 0
      objectReference: {fileID: 0}
    m_RemovedComponents: []
  m_SourcePrefab: {fileID: 100100000, guid: 9dffb82223acb8d4b89509dff99bf61f, type: 3}
--- !u!114 &2592804357688306540 stripped
MonoBehaviour:
  m_CorrespondingSourceObject: {fileID: 7535377950040056263, guid: 9dffb82223acb8d4b89509dff99bf61f,
    type: 3}
  m_PrefabInstance: {fileID: 5433724347169262251}
  m_PrefabAsset: {fileID: 0}
  m_GameObject: {fileID: 0}
  m_Enabled: 1
  m_EditorHideFlags: 0
  m_Script: {fileID: 11500000, guid: 4e29b1a8efbd4b44bb3f3716e73f07ff, type: 3}
  m_Name: 
  m_EditorClassIdentifier: 
--- !u!1001 &5747649780029663892
PrefabInstance:
  m_ObjectHideFlags: 0
  serializedVersion: 2
  m_Modification:
    m_TransformParent: {fileID: 0}
    m_Modifications:
    - target: {fileID: 2569151533485863127, guid: 316ea959161e9154a8d3d23d7f0f64ae,
        type: 3}
      propertyPath: m_Name
      value: UIGameScreen Variant
      objectReference: {fileID: 0}
    - target: {fileID: 7568282123031231524, guid: 316ea959161e9154a8d3d23d7f0f64ae,
        type: 3}
      propertyPath: m_Pivot.x
      value: 0.5
      objectReference: {fileID: 0}
    - target: {fileID: 7568282123031231524, guid: 316ea959161e9154a8d3d23d7f0f64ae,
        type: 3}
      propertyPath: m_Pivot.y
      value: 0.5
      objectReference: {fileID: 0}
    - target: {fileID: 7568282123031231524, guid: 316ea959161e9154a8d3d23d7f0f64ae,
        type: 3}
      propertyPath: m_RootOrder
      value: 0
      objectReference: {fileID: 0}
    - target: {fileID: 7568282123031231524, guid: 316ea959161e9154a8d3d23d7f0f64ae,
        type: 3}
      propertyPath: m_AnchorMax.x
      value: 1
      objectReference: {fileID: 0}
    - target: {fileID: 7568282123031231524, guid: 316ea959161e9154a8d3d23d7f0f64ae,
        type: 3}
      propertyPath: m_AnchorMax.y
      value: 1
      objectReference: {fileID: 0}
    - target: {fileID: 7568282123031231524, guid: 316ea959161e9154a8d3d23d7f0f64ae,
        type: 3}
      propertyPath: m_AnchorMin.x
      value: 0
      objectReference: {fileID: 0}
    - target: {fileID: 7568282123031231524, guid: 316ea959161e9154a8d3d23d7f0f64ae,
        type: 3}
      propertyPath: m_AnchorMin.y
      value: 0
      objectReference: {fileID: 0}
    - target: {fileID: 7568282123031231524, guid: 316ea959161e9154a8d3d23d7f0f64ae,
        type: 3}
      propertyPath: m_SizeDelta.x
      value: 0
      objectReference: {fileID: 0}
    - target: {fileID: 7568282123031231524, guid: 316ea959161e9154a8d3d23d7f0f64ae,
        type: 3}
      propertyPath: m_SizeDelta.y
      value: 0
      objectReference: {fileID: 0}
    - target: {fileID: 7568282123031231524, guid: 316ea959161e9154a8d3d23d7f0f64ae,
        type: 3}
      propertyPath: m_LocalPosition.x
      value: 0
      objectReference: {fileID: 0}
    - target: {fileID: 7568282123031231524, guid: 316ea959161e9154a8d3d23d7f0f64ae,
        type: 3}
      propertyPath: m_LocalPosition.y
      value: 0
      objectReference: {fileID: 0}
    - target: {fileID: 7568282123031231524, guid: 316ea959161e9154a8d3d23d7f0f64ae,
        type: 3}
      propertyPath: m_LocalPosition.z
      value: 0
      objectReference: {fileID: 0}
    - target: {fileID: 7568282123031231524, guid: 316ea959161e9154a8d3d23d7f0f64ae,
        type: 3}
      propertyPath: m_LocalRotation.w
      value: 1
      objectReference: {fileID: 0}
    - target: {fileID: 7568282123031231524, guid: 316ea959161e9154a8d3d23d7f0f64ae,
        type: 3}
      propertyPath: m_LocalRotation.x
      value: 0
      objectReference: {fileID: 0}
    - target: {fileID: 7568282123031231524, guid: 316ea959161e9154a8d3d23d7f0f64ae,
        type: 3}
      propertyPath: m_LocalRotation.y
      value: 0
      objectReference: {fileID: 0}
    - target: {fileID: 7568282123031231524, guid: 316ea959161e9154a8d3d23d7f0f64ae,
        type: 3}
      propertyPath: m_LocalRotation.z
      value: 0
      objectReference: {fileID: 0}
    - target: {fileID: 7568282123031231524, guid: 316ea959161e9154a8d3d23d7f0f64ae,
        type: 3}
      propertyPath: m_AnchoredPosition.x
      value: 0
      objectReference: {fileID: 0}
    - target: {fileID: 7568282123031231524, guid: 316ea959161e9154a8d3d23d7f0f64ae,
        type: 3}
      propertyPath: m_AnchoredPosition.y
      value: 0
      objectReference: {fileID: 0}
    - target: {fileID: 7568282123031231524, guid: 316ea959161e9154a8d3d23d7f0f64ae,
        type: 3}
      propertyPath: m_LocalEulerAnglesHint.x
      value: 0
      objectReference: {fileID: 0}
    - target: {fileID: 7568282123031231524, guid: 316ea959161e9154a8d3d23d7f0f64ae,
        type: 3}
      propertyPath: m_LocalEulerAnglesHint.y
      value: 0
      objectReference: {fileID: 0}
    - target: {fileID: 7568282123031231524, guid: 316ea959161e9154a8d3d23d7f0f64ae,
        type: 3}
      propertyPath: m_LocalEulerAnglesHint.z
      value: 0
      objectReference: {fileID: 0}
    - target: {fileID: 8634778585010545053, guid: 316ea959161e9154a8d3d23d7f0f64ae,
        type: 3}
      propertyPath: _Type
      value: 6
      objectReference: {fileID: 0}
    - target: {fileID: 8634778585010545053, guid: 316ea959161e9154a8d3d23d7f0f64ae,
        type: 3}
      propertyPath: _CountedAsLast
      value: 0
      objectReference: {fileID: 0}
    - target: {fileID: 8634778585010545053, guid: 316ea959161e9154a8d3d23d7f0f64ae,
        type: 3}
      propertyPath: _CountedAsFirst
      value: 0
      objectReference: {fileID: 0}
    m_RemovedComponents: []
  m_SourcePrefab: {fileID: 100100000, guid: 316ea959161e9154a8d3d23d7f0f64ae, type: 3}
--- !u!1 &7810566325659900483 stripped
GameObject:
  m_CorrespondingSourceObject: {fileID: 2569151533485863127, guid: 316ea959161e9154a8d3d23d7f0f64ae,
    type: 3}
  m_PrefabInstance: {fileID: 5747649780029663892}
  m_PrefabAsset: {fileID: 0}
--- !u!224 &2793412076569237168 stripped
RectTransform:
  m_CorrespondingSourceObject: {fileID: 7568282123031231524, guid: 316ea959161e9154a8d3d23d7f0f64ae,
    type: 3}
  m_PrefabInstance: {fileID: 5747649780029663892}
  m_PrefabAsset: {fileID: 0}
