%YAML 1.1
%TAG !u! tag:unity3d.com,2011:
--- !u!114 &2872628194362399834
MonoBehaviour:
  m_ObjectHideFlags: 0
  m_CorrespondingSourceObject: {fileID: 0}
  m_PrefabInstance: {fileID: 0}
  m_PrefabAsset: {fileID: 0}
  m_GameObject: {fileID: 1282711020852392141}
  m_Enabled: 1
  m_EditorHideFlags: 0
  m_Script: {fileID: 11500000, guid: b8ef1fe740fe4feaa37ccfb8cfab0485, type: 3}
  m_Name: 
  m_EditorClassIdentifier: 
  _EnableLogs: 1
  _CloseButtons:
  - {fileID: 1717802679459495825}
  - {fileID: 132740628151417536}
  _RestartButton: {fileID: 7597181892205727351}
  _QuitButton: {fileID: 2539606828112231571}
--- !u!1001 &609731212116190451
PrefabInstance:
  m_ObjectHideFlags: 0
  serializedVersion: 2
  m_Modification:
    m_TransformParent: {fileID: 5882171917726409943}
    m_Modifications:
    - target: {fileID: 6777411098164929011, guid: 4c1813667620c8248859c9b8bc24e312,
        type: 3}
      propertyPath: m_Name
      value: QuitButton
      objectReference: {fileID: 0}
    - target: {fileID: 6907550077301441534, guid: 4c1813667620c8248859c9b8bc24e312,
        type: 3}
      propertyPath: m_text
      value: Quit
      objectReference: {fileID: 0}
    - target: {fileID: 6907550077301441534, guid: 4c1813667620c8248859c9b8bc24e312,
        type: 3}
      propertyPath: m_fontSize
      value: 72
      objectReference: {fileID: 0}
    - target: {fileID: 8586128203855524322, guid: 4c1813667620c8248859c9b8bc24e312,
        type: 3}
      propertyPath: m_Pivot.x
      value: 0.5
      objectReference: {fileID: 0}
    - target: {fileID: 8586128203855524322, guid: 4c1813667620c8248859c9b8bc24e312,
        type: 3}
      propertyPath: m_Pivot.y
      value: 0.5
      objectReference: {fileID: 0}
    - target: {fileID: 8586128203855524322, guid: 4c1813667620c8248859c9b8bc24e312,
        type: 3}
      propertyPath: m_RootOrder
      value: 2
      objectReference: {fileID: 0}
    - target: {fileID: 8586128203855524322, guid: 4c1813667620c8248859c9b8bc24e312,
        type: 3}
      propertyPath: m_AnchorMax.x
      value: 0
      objectReference: {fileID: 0}
    - target: {fileID: 8586128203855524322, guid: 4c1813667620c8248859c9b8bc24e312,
        type: 3}
      propertyPath: m_AnchorMax.y
      value: 0
      objectReference: {fileID: 0}
    - target: {fileID: 8586128203855524322, guid: 4c1813667620c8248859c9b8bc24e312,
        type: 3}
      propertyPath: m_AnchorMin.x
      value: 0
      objectReference: {fileID: 0}
    - target: {fileID: 8586128203855524322, guid: 4c1813667620c8248859c9b8bc24e312,
        type: 3}
      propertyPath: m_AnchorMin.y
      value: 0
      objectReference: {fileID: 0}
    - target: {fileID: 8586128203855524322, guid: 4c1813667620c8248859c9b8bc24e312,
        type: 3}
      propertyPath: m_LocalPosition.x
      value: 0
      objectReference: {fileID: 0}
    - target: {fileID: 8586128203855524322, guid: 4c1813667620c8248859c9b8bc24e312,
        type: 3}
      propertyPath: m_LocalPosition.y
      value: 0
      objectReference: {fileID: 0}
    - target: {fileID: 8586128203855524322, guid: 4c1813667620c8248859c9b8bc24e312,
        type: 3}
      propertyPath: m_LocalPosition.z
      value: 0
      objectReference: {fileID: 0}
    - target: {fileID: 8586128203855524322, guid: 4c1813667620c8248859c9b8bc24e312,
        type: 3}
      propertyPath: m_LocalRotation.w
      value: 1
      objectReference: {fileID: 0}
    - target: {fileID: 8586128203855524322, guid: 4c1813667620c8248859c9b8bc24e312,
        type: 3}
      propertyPath: m_LocalRotation.x
      value: -0
      objectReference: {fileID: 0}
    - target: {fileID: 8586128203855524322, guid: 4c1813667620c8248859c9b8bc24e312,
        type: 3}
      propertyPath: m_LocalRotation.y
      value: -0
      objectReference: {fileID: 0}
    - target: {fileID: 8586128203855524322, guid: 4c1813667620c8248859c9b8bc24e312,
        type: 3}
      propertyPath: m_LocalRotation.z
      value: -0
      objectReference: {fileID: 0}
    - target: {fileID: 8586128203855524322, guid: 4c1813667620c8248859c9b8bc24e312,
        type: 3}
      propertyPath: m_AnchoredPosition.x
      value: 0
      objectReference: {fileID: 0}
    - target: {fileID: 8586128203855524322, guid: 4c1813667620c8248859c9b8bc24e312,
        type: 3}
      propertyPath: m_AnchoredPosition.y
      value: 0
      objectReference: {fileID: 0}
    - target: {fileID: 8586128203855524322, guid: 4c1813667620c8248859c9b8bc24e312,
        type: 3}
      propertyPath: m_LocalEulerAnglesHint.x
      value: 0
      objectReference: {fileID: 0}
    - target: {fileID: 8586128203855524322, guid: 4c1813667620c8248859c9b8bc24e312,
        type: 3}
      propertyPath: m_LocalEulerAnglesHint.y
      value: 0
      objectReference: {fileID: 0}
    - target: {fileID: 8586128203855524322, guid: 4c1813667620c8248859c9b8bc24e312,
        type: 3}
      propertyPath: m_LocalEulerAnglesHint.z
      value: 0
      objectReference: {fileID: 0}
    m_RemovedComponents: []
  m_SourcePrefab: {fileID: 100100000, guid: 4c1813667620c8248859c9b8bc24e312, type: 3}
--- !u!114 &2539606828112231571 stripped
MonoBehaviour:
  m_CorrespondingSourceObject: {fileID: 3118828207381305440, guid: 4c1813667620c8248859c9b8bc24e312,
    type: 3}
  m_PrefabInstance: {fileID: 609731212116190451}
  m_PrefabAsset: {fileID: 0}
  m_GameObject: {fileID: 0}
  m_Enabled: 1
  m_EditorHideFlags: 0
  m_Script: {fileID: 11500000, guid: 4e29b1a8efbd4b44bb3f3716e73f07ff, type: 3}
  m_Name: 
  m_EditorClassIdentifier: 
--- !u!1001 &2816548570967469486
PrefabInstance:
  m_ObjectHideFlags: 0
  serializedVersion: 2
  m_Modification:
    m_TransformParent: {fileID: 0}
    m_Modifications:
    - target: {fileID: 3952892599328890211, guid: ed9178af0a92eae4bb925629f8dcf065,
        type: 3}
      propertyPath: m_Name
      value: UIPauseScreen Variant
      objectReference: {fileID: 0}
    - target: {fileID: 7109193742218939433, guid: ed9178af0a92eae4bb925629f8dcf065,
        type: 3}
      propertyPath: _Type
      value: 7
      objectReference: {fileID: 0}
    - target: {fileID: 7109193742218939433, guid: ed9178af0a92eae4bb925629f8dcf065,
        type: 3}
      propertyPath: _CloseButtons.Array.size
      value: 2
      objectReference: {fileID: 0}
    - target: {fileID: 7109193742218939433, guid: ed9178af0a92eae4bb925629f8dcf065,
        type: 3}
      propertyPath: _CloseButtons.Array.data[1]
      value: 
      objectReference: {fileID: 132740628151417536}
    - target: {fileID: 8554526131012728341, guid: ed9178af0a92eae4bb925629f8dcf065,
        type: 3}
      propertyPath: m_SizeDelta.y
      value: 750
      objectReference: {fileID: 0}
    - target: {fileID: 8554526131782998033, guid: ed9178af0a92eae4bb925629f8dcf065,
        type: 3}
      propertyPath: m_text
      value: Pause
      objectReference: {fileID: 0}
    - target: {fileID: 8970039245257363856, guid: ed9178af0a92eae4bb925629f8dcf065,
        type: 3}
      propertyPath: m_Pivot.x
      value: 0.5
      objectReference: {fileID: 0}
    - target: {fileID: 8970039245257363856, guid: ed9178af0a92eae4bb925629f8dcf065,
        type: 3}
      propertyPath: m_Pivot.y
      value: 0.5
      objectReference: {fileID: 0}
    - target: {fileID: 8970039245257363856, guid: ed9178af0a92eae4bb925629f8dcf065,
        type: 3}
      propertyPath: m_RootOrder
      value: 0
      objectReference: {fileID: 0}
    - target: {fileID: 8970039245257363856, guid: ed9178af0a92eae4bb925629f8dcf065,
        type: 3}
      propertyPath: m_AnchorMax.x
      value: 1
      objectReference: {fileID: 0}
    - target: {fileID: 8970039245257363856, guid: ed9178af0a92eae4bb925629f8dcf065,
        type: 3}
      propertyPath: m_AnchorMax.y
      value: 1
      objectReference: {fileID: 0}
    - target: {fileID: 8970039245257363856, guid: ed9178af0a92eae4bb925629f8dcf065,
        type: 3}
      propertyPath: m_AnchorMin.x
      value: 0
      objectReference: {fileID: 0}
    - target: {fileID: 8970039245257363856, guid: ed9178af0a92eae4bb925629f8dcf065,
        type: 3}
      propertyPath: m_AnchorMin.y
      value: 0
      objectReference: {fileID: 0}
    - target: {fileID: 8970039245257363856, guid: ed9178af0a92eae4bb925629f8dcf065,
        type: 3}
      propertyPath: m_SizeDelta.x
      value: 0
      objectReference: {fileID: 0}
    - target: {fileID: 8970039245257363856, guid: ed9178af0a92eae4bb925629f8dcf065,
        type: 3}
      propertyPath: m_SizeDelta.y
      value: 0
      objectReference: {fileID: 0}
    - target: {fileID: 8970039245257363856, guid: ed9178af0a92eae4bb925629f8dcf065,
        type: 3}
      propertyPath: m_LocalPosition.x
      value: 0
      objectReference: {fileID: 0}
    - target: {fileID: 8970039245257363856, guid: ed9178af0a92eae4bb925629f8dcf065,
        type: 3}
      propertyPath: m_LocalPosition.y
      value: 0
      objectReference: {fileID: 0}
    - target: {fileID: 8970039245257363856, guid: ed9178af0a92eae4bb925629f8dcf065,
        type: 3}
      propertyPath: m_LocalPosition.z
      value: 0
      objectReference: {fileID: 0}
    - target: {fileID: 8970039245257363856, guid: ed9178af0a92eae4bb925629f8dcf065,
        type: 3}
      propertyPath: m_LocalRotation.w
      value: 1
      objectReference: {fileID: 0}
    - target: {fileID: 8970039245257363856, guid: ed9178af0a92eae4bb925629f8dcf065,
        type: 3}
      propertyPath: m_LocalRotation.x
      value: 0
      objectReference: {fileID: 0}
    - target: {fileID: 8970039245257363856, guid: ed9178af0a92eae4bb925629f8dcf065,
        type: 3}
      propertyPath: m_LocalRotation.y
      value: 0
      objectReference: {fileID: 0}
    - target: {fileID: 8970039245257363856, guid: ed9178af0a92eae4bb925629f8dcf065,
        type: 3}
      propertyPath: m_LocalRotation.z
      value: 0
      objectReference: {fileID: 0}
    - target: {fileID: 8970039245257363856, guid: ed9178af0a92eae4bb925629f8dcf065,
        type: 3}
      propertyPath: m_AnchoredPosition.x
      value: 0
      objectReference: {fileID: 0}
    - target: {fileID: 8970039245257363856, guid: ed9178af0a92eae4bb925629f8dcf065,
        type: 3}
      propertyPath: m_AnchoredPosition.y
      value: 0
      objectReference: {fileID: 0}
    - target: {fileID: 8970039245257363856, guid: ed9178af0a92eae4bb925629f8dcf065,
        type: 3}
      propertyPath: m_LocalEulerAnglesHint.x
      value: 0
      objectReference: {fileID: 0}
    - target: {fileID: 8970039245257363856, guid: ed9178af0a92eae4bb925629f8dcf065,
        type: 3}
      propertyPath: m_LocalEulerAnglesHint.y
      value: 0
      objectReference: {fileID: 0}
    - target: {fileID: 8970039245257363856, guid: ed9178af0a92eae4bb925629f8dcf065,
        type: 3}
      propertyPath: m_LocalEulerAnglesHint.z
      value: 0
      objectReference: {fileID: 0}
    m_RemovedComponents: []
  m_SourcePrefab: {fileID: 100100000, guid: ed9178af0a92eae4bb925629f8dcf065, type: 3}
--- !u!1 &1282711020852392141 stripped
GameObject:
  m_CorrespondingSourceObject: {fileID: 3952892599328890211, guid: ed9178af0a92eae4bb925629f8dcf065,
    type: 3}
  m_PrefabInstance: {fileID: 2816548570967469486}
  m_PrefabAsset: {fileID: 0}
--- !u!114 &1717802679459495825 stripped
MonoBehaviour:
  m_CorrespondingSourceObject: {fileID: 3513010497006064191, guid: ed9178af0a92eae4bb925629f8dcf065,
    type: 3}
  m_PrefabInstance: {fileID: 2816548570967469486}
  m_PrefabAsset: {fileID: 0}
  m_GameObject: {fileID: 0}
  m_Enabled: 1
  m_EditorHideFlags: 0
  m_Script: {fileID: 11500000, guid: 4e29b1a8efbd4b44bb3f3716e73f07ff, type: 3}
  m_Name: 
  m_EditorClassIdentifier: 
--- !u!224 &5882171917726409943 stripped
RectTransform:
  m_CorrespondingSourceObject: {fileID: 8554526130109548921, guid: ed9178af0a92eae4bb925629f8dcf065,
    type: 3}
  m_PrefabInstance: {fileID: 2816548570967469486}
  m_PrefabAsset: {fileID: 0}
--- !u!1001 &3071414672433636000
PrefabInstance:
  m_ObjectHideFlags: 0
  serializedVersion: 2
  m_Modification:
    m_TransformParent: {fileID: 5882171917726409943}
    m_Modifications:
    - target: {fileID: 6777411098164929011, guid: 4c1813667620c8248859c9b8bc24e312,
        type: 3}
      propertyPath: m_Name
      value: ContinueButton
      objectReference: {fileID: 0}
    - target: {fileID: 6907550077301441534, guid: 4c1813667620c8248859c9b8bc24e312,
        type: 3}
      propertyPath: m_text
      value: 'Continue

'
      objectReference: {fileID: 0}
    - target: {fileID: 6907550077301441534, guid: 4c1813667620c8248859c9b8bc24e312,
        type: 3}
      propertyPath: m_fontSize
      value: 69.75
      objectReference: {fileID: 0}
    - target: {fileID: 8586128203855524322, guid: 4c1813667620c8248859c9b8bc24e312,
        type: 3}
      propertyPath: m_Pivot.x
      value: 0.5
      objectReference: {fileID: 0}
    - target: {fileID: 8586128203855524322, guid: 4c1813667620c8248859c9b8bc24e312,
        type: 3}
      propertyPath: m_Pivot.y
      value: 0.5
      objectReference: {fileID: 0}
    - target: {fileID: 8586128203855524322, guid: 4c1813667620c8248859c9b8bc24e312,
        type: 3}
      propertyPath: m_RootOrder
      value: 0
      objectReference: {fileID: 0}
    - target: {fileID: 8586128203855524322, guid: 4c1813667620c8248859c9b8bc24e312,
        type: 3}
      propertyPath: m_AnchorMax.x
      value: 0
      objectReference: {fileID: 0}
    - target: {fileID: 8586128203855524322, guid: 4c1813667620c8248859c9b8bc24e312,
        type: 3}
      propertyPath: m_AnchorMax.y
      value: 0
      objectReference: {fileID: 0}
    - target: {fileID: 8586128203855524322, guid: 4c1813667620c8248859c9b8bc24e312,
        type: 3}
      propertyPath: m_AnchorMin.x
      value: 0
      objectReference: {fileID: 0}
    - target: {fileID: 8586128203855524322, guid: 4c1813667620c8248859c9b8bc24e312,
        type: 3}
      propertyPath: m_AnchorMin.y
      value: 0
      objectReference: {fileID: 0}
    - target: {fileID: 8586128203855524322, guid: 4c1813667620c8248859c9b8bc24e312,
        type: 3}
      propertyPath: m_LocalPosition.x
      value: 0
      objectReference: {fileID: 0}
    - target: {fileID: 8586128203855524322, guid: 4c1813667620c8248859c9b8bc24e312,
        type: 3}
      propertyPath: m_LocalPosition.y
      value: 0
      objectReference: {fileID: 0}
    - target: {fileID: 8586128203855524322, guid: 4c1813667620c8248859c9b8bc24e312,
        type: 3}
      propertyPath: m_LocalPosition.z
      value: 0
      objectReference: {fileID: 0}
    - target: {fileID: 8586128203855524322, guid: 4c1813667620c8248859c9b8bc24e312,
        type: 3}
      propertyPath: m_LocalRotation.w
      value: 1
      objectReference: {fileID: 0}
    - target: {fileID: 8586128203855524322, guid: 4c1813667620c8248859c9b8bc24e312,
        type: 3}
      propertyPath: m_LocalRotation.x
      value: -0
      objectReference: {fileID: 0}
    - target: {fileID: 8586128203855524322, guid: 4c1813667620c8248859c9b8bc24e312,
        type: 3}
      propertyPath: m_LocalRotation.y
      value: -0
      objectReference: {fileID: 0}
    - target: {fileID: 8586128203855524322, guid: 4c1813667620c8248859c9b8bc24e312,
        type: 3}
      propertyPath: m_LocalRotation.z
      value: -0
      objectReference: {fileID: 0}
    - target: {fileID: 8586128203855524322, guid: 4c1813667620c8248859c9b8bc24e312,
        type: 3}
      propertyPath: m_AnchoredPosition.x
      value: 0
      objectReference: {fileID: 0}
    - target: {fileID: 8586128203855524322, guid: 4c1813667620c8248859c9b8bc24e312,
        type: 3}
      propertyPath: m_AnchoredPosition.y
      value: 0
      objectReference: {fileID: 0}
    - target: {fileID: 8586128203855524322, guid: 4c1813667620c8248859c9b8bc24e312,
        type: 3}
      propertyPath: m_LocalEulerAnglesHint.x
      value: 0
      objectReference: {fileID: 0}
    - target: {fileID: 8586128203855524322, guid: 4c1813667620c8248859c9b8bc24e312,
        type: 3}
      propertyPath: m_LocalEulerAnglesHint.y
      value: 0
      objectReference: {fileID: 0}
    - target: {fileID: 8586128203855524322, guid: 4c1813667620c8248859c9b8bc24e312,
        type: 3}
      propertyPath: m_LocalEulerAnglesHint.z
      value: 0
      objectReference: {fileID: 0}
    m_RemovedComponents: []
  m_SourcePrefab: {fileID: 100100000, guid: 4c1813667620c8248859c9b8bc24e312, type: 3}
--- !u!114 &132740628151417536 stripped
MonoBehaviour:
  m_CorrespondingSourceObject: {fileID: 3118828207381305440, guid: 4c1813667620c8248859c9b8bc24e312,
    type: 3}
  m_PrefabInstance: {fileID: 3071414672433636000}
  m_PrefabAsset: {fileID: 0}
  m_GameObject: {fileID: 0}
  m_Enabled: 1
  m_EditorHideFlags: 0
  m_Script: {fileID: 11500000, guid: 4e29b1a8efbd4b44bb3f3716e73f07ff, type: 3}
  m_Name: 
  m_EditorClassIdentifier: 
--- !u!1001 &4766727152645019159
PrefabInstance:
  m_ObjectHideFlags: 0
  serializedVersion: 2
  m_Modification:
    m_TransformParent: {fileID: 5882171917726409943}
    m_Modifications:
    - target: {fileID: 6777411098164929011, guid: 4c1813667620c8248859c9b8bc24e312,
        type: 3}
      propertyPath: m_Name
      value: RestartButton
      objectReference: {fileID: 0}
    - target: {fileID: 6907550077301441534, guid: 4c1813667620c8248859c9b8bc24e312,
        type: 3}
      propertyPath: m_text
      value: Restart
      objectReference: {fileID: 0}
    - target: {fileID: 6907550077301441534, guid: 4c1813667620c8248859c9b8bc24e312,
        type: 3}
      propertyPath: m_fontSize
      value: 72
      objectReference: {fileID: 0}
    - target: {fileID: 8586128203855524322, guid: 4c1813667620c8248859c9b8bc24e312,
        type: 3}
      propertyPath: m_Pivot.x
      value: 0.5
      objectReference: {fileID: 0}
    - target: {fileID: 8586128203855524322, guid: 4c1813667620c8248859c9b8bc24e312,
        type: 3}
      propertyPath: m_Pivot.y
      value: 0.5
      objectReference: {fileID: 0}
    - target: {fileID: 8586128203855524322, guid: 4c1813667620c8248859c9b8bc24e312,
        type: 3}
      propertyPath: m_RootOrder
      value: 1
      objectReference: {fileID: 0}
    - target: {fileID: 8586128203855524322, guid: 4c1813667620c8248859c9b8bc24e312,
        type: 3}
      propertyPath: m_AnchorMax.x
      value: 0
      objectReference: {fileID: 0}
    - target: {fileID: 8586128203855524322, guid: 4c1813667620c8248859c9b8bc24e312,
        type: 3}
      propertyPath: m_AnchorMax.y
      value: 0
      objectReference: {fileID: 0}
    - target: {fileID: 8586128203855524322, guid: 4c1813667620c8248859c9b8bc24e312,
        type: 3}
      propertyPath: m_AnchorMin.x
      value: 0
      objectReference: {fileID: 0}
    - target: {fileID: 8586128203855524322, guid: 4c1813667620c8248859c9b8bc24e312,
        type: 3}
      propertyPath: m_AnchorMin.y
      value: 0
      objectReference: {fileID: 0}
    - target: {fileID: 8586128203855524322, guid: 4c1813667620c8248859c9b8bc24e312,
        type: 3}
      propertyPath: m_SizeDelta.x
      value: 300
      objectReference: {fileID: 0}
    - target: {fileID: 8586128203855524322, guid: 4c1813667620c8248859c9b8bc24e312,
        type: 3}
      propertyPath: m_SizeDelta.y
      value: 150
      objectReference: {fileID: 0}
    - target: {fileID: 8586128203855524322, guid: 4c1813667620c8248859c9b8bc24e312,
        type: 3}
      propertyPath: m_LocalPosition.x
      value: 0
      objectReference: {fileID: 0}
    - target: {fileID: 8586128203855524322, guid: 4c1813667620c8248859c9b8bc24e312,
        type: 3}
      propertyPath: m_LocalPosition.y
      value: 0
      objectReference: {fileID: 0}
    - target: {fileID: 8586128203855524322, guid: 4c1813667620c8248859c9b8bc24e312,
        type: 3}
      propertyPath: m_LocalPosition.z
      value: 0
      objectReference: {fileID: 0}
    - target: {fileID: 8586128203855524322, guid: 4c1813667620c8248859c9b8bc24e312,
        type: 3}
      propertyPath: m_LocalRotation.w
      value: 1
      objectReference: {fileID: 0}
    - target: {fileID: 8586128203855524322, guid: 4c1813667620c8248859c9b8bc24e312,
        type: 3}
      propertyPath: m_LocalRotation.x
      value: 0
      objectReference: {fileID: 0}
    - target: {fileID: 8586128203855524322, guid: 4c1813667620c8248859c9b8bc24e312,
        type: 3}
      propertyPath: m_LocalRotation.y
      value: 0
      objectReference: {fileID: 0}
    - target: {fileID: 8586128203855524322, guid: 4c1813667620c8248859c9b8bc24e312,
        type: 3}
      propertyPath: m_LocalRotation.z
      value: 0
      objectReference: {fileID: 0}
    - target: {fileID: 8586128203855524322, guid: 4c1813667620c8248859c9b8bc24e312,
        type: 3}
      propertyPath: m_AnchoredPosition.x
      value: 0
      objectReference: {fileID: 0}
    - target: {fileID: 8586128203855524322, guid: 4c1813667620c8248859c9b8bc24e312,
        type: 3}
      propertyPath: m_AnchoredPosition.y
      value: 0
      objectReference: {fileID: 0}
    - target: {fileID: 8586128203855524322, guid: 4c1813667620c8248859c9b8bc24e312,
        type: 3}
      propertyPath: m_LocalEulerAnglesHint.x
      value: 0
      objectReference: {fileID: 0}
    - target: {fileID: 8586128203855524322, guid: 4c1813667620c8248859c9b8bc24e312,
        type: 3}
      propertyPath: m_LocalEulerAnglesHint.y
      value: 0
      objectReference: {fileID: 0}
    - target: {fileID: 8586128203855524322, guid: 4c1813667620c8248859c9b8bc24e312,
        type: 3}
      propertyPath: m_LocalEulerAnglesHint.z
      value: 0
      objectReference: {fileID: 0}
    m_RemovedComponents: []
  m_SourcePrefab: {fileID: 100100000, guid: 4c1813667620c8248859c9b8bc24e312, type: 3}
--- !u!114 &7597181892205727351 stripped
MonoBehaviour:
  m_CorrespondingSourceObject: {fileID: 3118828207381305440, guid: 4c1813667620c8248859c9b8bc24e312,
    type: 3}
  m_PrefabInstance: {fileID: 4766727152645019159}
  m_PrefabAsset: {fileID: 0}
  m_GameObject: {fileID: 0}
  m_Enabled: 1
  m_EditorHideFlags: 0
  m_Script: {fileID: 11500000, guid: 4e29b1a8efbd4b44bb3f3716e73f07ff, type: 3}
  m_Name: 
  m_EditorClassIdentifier: 
